<record xmlns='http://www.loc.gov/MARC21/slim'><leader>02471cam a2200385 a 4500</leader><controlfield tag='001'>109692</controlfield><controlfield tag='005'>20181101094528.0</controlfield><controlfield tag='008'>910305s1985    cc a     b    10010 chi  </controlfield><datafield ind1=' ' ind2=' ' tag='010'><subfield code='a'>91121894</subfield></datafield><datafield ind1='1' ind2=' ' tag='019'><subfield code='a'>9603219</subfield><subfield code='z'>.b24988145</subfield></datafield><datafield ind1=' ' ind2=' ' tag='035'><subfield code='a'>109692</subfield></datafield><datafield ind1=' ' ind2=' ' tag='040'><subfield code='a'>DLC-R</subfield><subfield code='b'>eng</subfield><subfield code='c'>DLC-R</subfield><subfield code='d'>CStRLIN</subfield><subfield code='d'>DLC-R</subfield><subfield code='d'>ANL</subfield></datafield><datafield ind1='0' ind2=' ' tag='041'><subfield code='a'>chi</subfield><subfield code='a'>eng</subfield><subfield code='a'>jpn</subfield></datafield><datafield ind1=' ' ind2=' ' tag='043'><subfield code='a'>a-cc---</subfield><subfield code='a'>a-ja---</subfield></datafield><datafield ind1='0' ind2='0' tag='050'><subfield code='a'>DS740.5.J3</subfield><subfield code='b'>I58 1979a</subfield></datafield><datafield ind1='0' ind2='0' tag='082'><subfield code='a'>303.48/251/052</subfield><subfield code='2'>20</subfield></datafield><datafield ind1='2' ind2=' ' tag='111'><subfield code='a'>International Symposium on Sino-Japanese Cultural Interchange</subfield><subfield code='d'>(1979 :</subfield><subfield code='c'>Chinese University of Hong Kong)</subfield></datafield><datafield ind1='1' ind2='0' tag='245'><subfield code='6'>880-01</subfield><subfield code='a'>Sino-Japanese cultural interchange.</subfield><subfield code='p'>Aspects of archaeology and art history =</subfield><subfield code='b'>Zhong Ri wen hua jiao liu.</subfield><subfield code='p'>Kao gu xue ji mei shu shi fang mian = Nitchū bunka kōryū.</subfield><subfield code='p'>Kōkogaku oyobi bijutsushi kankei /</subfield><subfield code='c'>edited by Yue-him Tam (Tan Juqian)</subfield></datafield><datafield ind1=' ' ind2=' ' tag='260'><subfield code='a'>Shatin, N. T., Hong Kong :</subfield><subfield code='b'>Institute of Chinese Studies, Chinese University of Hong Kong,</subfield><subfield code='c'>c1985.</subfield></datafield><datafield ind1=' ' ind2=' ' tag='300'><subfield code='a'>x, 197 p. :</subfield><subfield code='b'>ill. ;</subfield><subfield code='c'>26 cm.</subfield></datafield><datafield ind1='1' ind2=' ' tag='490'><subfield code='6'>880-02</subfield><subfield code='a'>Papers of the International Symposium on Sino-Japanese Cultural Interchange ;</subfield><subfield code='v'>v. 1 =</subfield><subfield code='a'>Zhong Ri wen hua jiao liu guo ji yan tao hui lun wen ji ;</subfield><subfield code='v'>v. 1 =</subfield><subfield code='a'>Nitchū Bunka Kōryū kokusai Sinpojūmu ronbun shū ;</subfield><subfield code='v'>v. 1.</subfield></datafield><datafield ind1=' ' ind2=' ' tag='500'><subfield code='a'>Chinese, English and Japanese.</subfield></datafield><datafield ind1=' ' ind2=' ' tag='504'><subfield code='a'>Includes bibliographical references.</subfield></datafield><datafield ind1=' ' ind2='0' tag='651'><subfield code='a'>China</subfield><subfield code='x'>Relations</subfield><subfield code='z'>Japan</subfield><subfield code='v'>Congresses.</subfield></datafield><datafield ind1=' ' ind2='0' tag='651'><subfield code='a'>Japan</subfield><subfield code='x'>Relations</subfield><subfield code='z'>China</subfield><subfield code='v'>Congresses.</subfield></datafield><datafield ind1='1' ind2=' ' tag='700'><subfield code='6'>880-03</subfield><subfield code='a'>Dan, Ruqian.</subfield></datafield><datafield ind1='0' ind2=' ' tag='740'><subfield code='6'>880-04</subfield><subfield code='a'>Zhong Ri wen hua jiao liu.</subfield><subfield code='p'>Kao gu xue ji mei shu shi fang mian.</subfield></datafield><datafield ind1='0' ind2=' ' tag='740'><subfield code='6'>880-05</subfield><subfield code='a'>Nitchū bunka kōryū.</subfield><subfield code='p'>Kōkogaku oyobi bijutsushi kankei.</subfield></datafield><datafield ind1='2' ind2=' ' tag='811'><subfield code='a'>International Symposium on Sino-Japanese Cultural Interchange</subfield><subfield code='d'>(1979 :</subfield><subfield code='c'>Chinese University of Hong Kong).</subfield><subfield code='t'>Papers ;</subfield><subfield code='v'>v. 1.</subfield></datafield><datafield ind1='1' ind2='0' tag='880'><subfield code='6'>245-01</subfield><subfield code='a'>Sino-Japanese cultural interchange.</subfield><subfield code='p'>Aspects of archaeology and art history =</subfield><subfield code='b'>中日文化交流.</subfield><subfield code='p'>考古学及美術史方面 = 日中文化交流.</subfield><subfield code='p'>考古学及び美術史関係 / </subfield><subfield code='c'>edited by Yue-him Tam (譚汝謙)</subfield></datafield><datafield ind1='1' ind2=' ' tag='880'><subfield code='6'>490-02</subfield><subfield code='a'>Papers of the International Symposium on Sino-Japanese Cultural Interchange ;</subfield><subfield code='v'>v. 1 =</subfield><subfield code='a'>日中文化交流國際研討會論文集 ;</subfield><subfield code='v'>v. 1 =</subfield><subfield code='a'>日中文化交流国際シンポジウム論文集 ;</subfield><subfield code='v'>v. 1.</subfield></datafield><datafield ind1='1' ind2=' ' tag='880'><subfield code='6'>700-03</subfield><subfield code='a'>譚汝謙.</subfield></datafield><datafield ind1='0' ind2=' ' tag='880'><subfield code='6'>740-04</subfield><subfield code='a'>中日文化交流.</subfield><subfield code='p'>考古学及美術史方面.</subfield></datafield><datafield ind1='0' ind2=' ' tag='880'><subfield code='6'>740-05</subfield><subfield code='a'>日中文化交流.</subfield><subfield code='p'>考古学及び美術史関係.</subfield></datafield><datafield ind1=' ' ind2=' ' tag='984'><subfield code='a'>anl  </subfield><subfield code='i'>-</subfield><subfield code='o'>-</subfield><subfield code='c'>YY 303.48251052 I61</subfield></datafield></record>